@article{Pasquet2018,
	author = {{Pasquet-Itam, J.} and {Pasquet, J.}},
	title = {Deep learning approach for classifying, detecting and predicting photometric redshifts of quasars in the Sloan Digital
Sky Survey stripe 82},
	DOI= "10.1051/0004-6361/201731106",
	url= "https://doi.org/10.1051/0004-6361/201731106",
	journal = {Astronomy \& Astrophysics},
	year = {2018},
	volume = {611},
	pages = {A97}
}


@misc{dr14,
    author = {{Sloan Digital Sky Survey}},
    title = {Understanding the Optical Data}, 
    url = {https://www.sdss.org/dr14/spectro/spectro_basics/},
    journal = {Understanding the Optical Data},
    publisher = {Sloan Digital Sky Survey}
}

@article{Zheng,
    author = {Zheng, Hongwen and Zhang, Yanxia},
    year = {2007},
    month = {09},
    pages = {1960-1964},
    title = {Feature selection for high-dimensional data in astronomy},
    volume = {41},
    journal = {Advances in Space Research}
}

@book{Carroll,
  author = {Carroll, Bradley W. and Ostlie, Dale A.},
  edition = {2nd},
  publisher = {Cambridge University Press},
  title = {An Introduction to Modern Astrophysics},
  year = {2017}
}

@article{Stoughton,
    author =       "Stoughton, Chris and others",
    title =        "SLOAN DIGITAL SKY SURVEY: EARLY DATA RELEASE",
    journal =      "The Astronomical Journal",
    volume =       "123",
    pages =        "485--548",
    year =         "2002"
}

@article{Horne,
    author =       "Horne, Keith",
    title =        "An Optimal Extraction Algorithm for CCD Spectroscopy",
    journal =      "Publications of the Astronomical Society of the Pacific",
    volume =       "98",
    pages =        "609--617",
    year =         "1986"
}

@article{Smee,
    author =       "Smee, Stephen A. and others",
    title =        "The Multi-Object, Fiber-Fed Spectrographs for {SDSS} and the Baryon Oscillation Spectroscopic Survey",
    journal =      "The Astronomical Journal",
    volume =       "146",
    number =       "32",
    pages =        "1--40",
    year =         "2013",
    DOI =          "10.1088/0004-6256/146/2/32"
}

@article{Dawson,
    author =       "Dawson, Kyle S. and others",
    title =        "THE BARYON OSCILLATION SPECTROSCOPIC SURVEY OF {SDSS-III}",
    journal =      "The Astronomical Journal",
    volume =       "145",
    number =       "10",
    pages =        "1--41",
    year =         "2013"
}

@article{Bolton,
    author =       "Bolton, Adam S. and others",
    title =        "SPECTRAL CLASSIFICATION AND REDSHIFT MEASUREMENT FOR THE {SDSS-III}
                    BARYON OSCILLATION SPECTROSCOPIC SURVEY",
    journal =      "The Astronomical Journal",
    volume =       "144",
    number =       "144",
    pages =        "1--20",
    year =         "2012"
}

@book{Chromey,
  author = {Chromey, Fredrick R.},
  publisher = {Cambridge University Press},
  title = {To Measure The Sky: An Introduction to Observational Astronomy},
  year = {2010}
}

@misc{Dua:2017 ,
    author = "Dheeru, Dua and Karra Taniskidou, Efi",
    year = "2017",
    title = "{UCI} Machine Learning Repository",
    url = "http://archive.ics.uci.edu/ml",
    institution = "University of California, Irvine, School of Information and Computer Sciences" 
}
    
@misc{sdss,
    author = {{Sloan Digital Sky Survey}},
    title = {{Sloan Digital Sky Survey}},
    url = {https://www.sdss.org/}, 
    journal = {SDSS}, 
    publisher = {Sloan Digital Sky Survey}
}

@misc{hr, 
    author = {{University of Iowa Department of Physics and Astronomy}},
    title = {Imaging the Universe}, 
    url = {http://astro.physics.uiowa.edu/ITU/labs/foundational-labs/exploring-hertzsprung-russe/part-1-the-hr-diagram.html}, 
    journal = {Part 1: The HR Diagram | Imaging the Universe}, 
    publisher = {University of Iowa Department of Physics and Astronomy}
}

@misc{sas,
    author = {{Sloan Digital Sky Survey}},
    title = {{SDSS Science Archive Server (SAS)}},
    url = {https://dr14.sdss.org/optical/spectrum/search},
    journal = {SDSS}, 
    publisher = {Sloan Digital Sky Survey}
}

@misc{data_model,
    author = {{Sloan Digital Sky Survey}},
    title = {Data model},
    url = {https://data.sdss.org/datamodel/files/BOSS_SPECTRO_REDUX/RUN2D/spectra/PLATE4/spec.html},
    journal = {SDSS}, 
    publisher = {Sloan Digital Sky Survey}
}

@misc{boss, 
    author = {{Sloan Digital Sky Survey}},
    title = {{BOSS} Spectrograph}, 
    url = {https://www.sdss.org/instruments/boss_spectrograph/}, 
    journal = {SDSS}, 
    publisher = {Sloan Digital Sky Survey}
}

@misc{sdspec, 
    author = {{Sloan Digital Sky Survey}},
    title = {{SDSS} Spectrograph}, 
    url = {https://classic.sdss.org/dr7/instruments/spectrographs/index.html}, 
    journal = {SDSS}, 
    publisher = {Sloan Digital Sky Survey}
}

@article{scikit-learn,
    title={Scikit-learn: Machine Learning in {P}ython},
    author={Pedregosa, F. and Varoquaux, G. and Gramfort, A. and Michel, V.
         and Thirion, B. and Grisel, O. and Blondel, M. and Prettenhofer, P.
         and Weiss, R. and Dubourg, V. and Vanderplas, J. and Passos, A. and
         Cournapeau, D. and Brucher, M. and Perrot, M. and Duchesnay, E.},
    journal={Journal of Machine Learning Research},
    volume={12},
    pages={2825--2830},
    year={2011}
}

@inproceedings{HutHooLey14,
	lauthor    = {Frank Hutter and Holger Hoos and Kevin Leyton-Brown},
	author    = {F. Hutter and H. Hoos and K. Leyton-Brown},
	title = {An Efficient Approach for Assessing Hyperparameter Importance},
	booktitle = {Proceedings of International Conference on Machine Learning 2014 (ICML 2014)},
	year = {2014},
	pages = {754--762},
	month = jun,
}


@INPROCEEDINGS{Japkowicz,
    author = {Nathalie Japkowicz},
    title = {Learning from Imbalanced Data Sets: A Comparison of Various Strategies},
    booktitle = {Papers from the AAAI Workshop Technical Report WS-00-05},
    year = {2000},
    pages = {10--15},
    publisher = {AAAI Press}
}


@InProceedings{Xing,
	author="Xing, Fei and Guo, Ping",
	editor="Yin, Fu-Liang and Wang, Jun and Guo, Chengan",
	title="Classification of Stellar Spectral Data Using SVM",
	booktitle="{Advances in Neural Networks (ISNN 2004)}",
	year="2004",
	publisher="Springer Berlin Heidelberg",
	address="Berlin, Heidelberg",
	pages="616--621",
	isbn="978-3-540-28647-9"
}

@article{YI,
    author = {Yi, Zhenping and Pan, Jingchang},
    year = {2010},
    pages = {3129-3132},
    title = {Application of Random Forest to Stellar Spectra Classification},
    journal = {978-1-4244-6516-3/10/26.00 2010 IEEE}
}

@article{reliefF,
  title={Feature Selection: A Data Perspective},
  author={Li, Jundong and Cheng, Kewei and Wang, Suhang and Morstatter, Fred and Robert, Trevino and Tang, Jiliang and Liu, Huan},
  journal={arXiv:1601.07996},
  year={2016}
}

@InProceedings{Luo,
	title = {A Stratified Approach for Automatic Stellar Spectra Classification},
	author = {Zhang, J. N. and Luo, A. L. and Tu, L. P.},
	pages = {249-252},
	booktitle = {2008 International Congress on Image and Signal Processing ({CISP 2008})},
	year = {2008}
}

@ARTICLE{Jacoby,
   author = {{Jacoby}, G.~H. and {Hunter}, D.~A. and {Christian}, C.~A.},
    title = {A library of stellar spectra},
  journal = {apjs},
 keywords = {Astronomical Catalogs, Stellar Spectra, Stellar Spectrophotometry, Color, Interstellar Extinction, Star Clusters},
     year = {1984},
    month = {oct},
   volume = {56},
    pages = {257-281},
      doi = {10.1086/190983},
   adsurl = {http://adsabs.harvard.edu/abs/1984ApJS...56..257J},
  adsnote = {Provided by the SAO/NASA Astrophysics Data System}
}

@ARTICLE{Pickles,
   author = {{Pickles}, A.~J.},
    title = "{A Stellar Spectral Flux Library: 1150-25000 {\AA}}",
  journal = {pasp},
 keywords = {ATLASES, STARS: GENERAL, GALAXIES: STELLAR CONTENT},
     year = {1998},
    month = {jul},
   volume = {110},
    pages = {863-878},
      doi = {10.1086/316197},
   adsurl = {http://adsabs.harvard.edu/abs/1998PASP..110..863P},
  adsnote = {Provided by the SAO/NASA Astrophysics Data System}
}

@Article{Bazarghan,
	author="Bazarghan, Mahdi
	and Gupta, Ranjan",
	title="Automated classification of sloan digital sky survey ({SDSS}) stellar spectra using artificial neural networks",
	journal="Astrophysics and Space Science",
	year="2008",
	month="May",
	day="30",
	volume="315",
	number="1",
	pages="201",
	issn="1572-946X",
	doi="10.1007/s10509-008-9816-5",
	url="https://doi.org/10.1007/s10509-008-9816-5"
}

@Article{York,
   author = {{York}, D.~G. and others},
    title = "{The Sloan Digital Sky Survey: Technical Summary}",
  journal = {The Astronimical Journal},
   eprint = {astro-ph/0006396},
 keywords = {Cosmology: Observations, Instrumentation: Miscellaneous},
     year = 2000,
    month = sep,
   volume = 120,
    pages = {1579-1587},
      doi = {10.1086/301513},
   adsurl = {http://adsabs.harvard.edu/abs/2000AJ....120.1579Y},
  adsnote = {Provided by the SAO/NASA Astrophysics Data System}
}

@book{numpy,
	place = {Austin, TX}, 
	title = {A guide to NumPy},
	publisher = {Published by Continuum Press, a division of Continuum Analytics, Inc.}, 
	author = {Oliphant, Travis E.}, 
	year = {2015}
}

@misc{memmap, 
    author = {{Numpy}},
    title = {Memmap}, 
    url = {https://docs.scipy.org/doc/numpy-1.14.0/reference/generated/numpy.memmap.html}, 
    journal = {Numpy}, 
    publisher = {Numpy}
}

@inproceedings{Rennie,
 author = {Rennie, Jason D. M. and Shih, Lawrence and Teevan, Jaime and Karger, David R.},
 title = {Tackling the Poor Assumptions of Naive Bayes Text Classifiers},
 booktitle = {Proceedings of the Twentieth International Conference on International Conference on Machine Learning},
 series = {ICML'03},
 year = {2003},
 isbn = {1-57735-189-4},
 location = {Washington, DC, USA},
 pages = {616--623},
 numpages = {8},
 acmid = {3041916},
 publisher = {AAAI Press},
} 

@misc{turing, 
title={Turing: The CWU Supercomputer}, 
url={http://www.cwu.edu/faculty/turing-cwu-supercomputer}, 
publisher={Central Washington University}
}

